<record><leader>00000cas a22000007a 4500</leader><controlfield tag="001">17628412</controlfield><controlfield tag="008">880315d19331936paudn ne      0    0eng d</controlfield><datafield ind1=" " ind2=" " tag="010"><subfield code="a">sn 88079219 </subfield></datafield><datafield ind1=" " ind2=" " tag="040"><subfield code="a">NPH</subfield><subfield code="b">eng</subfield><subfield code="c">NPH</subfield><subfield code="d">OCLCQ</subfield></datafield><datafield ind1=" " ind2=" " tag="042"><subfield code="a">msc</subfield></datafield><datafield ind1="0" ind2="0" tag="245"><subfield code="a">Easton daily plain dealer.</subfield></datafield><datafield ind1="3" ind2="0" tag="246"><subfield code="a">Daily plain dealer</subfield></datafield><datafield ind1=" " ind2=" " tag="260"><subfield code="a">Easton, Pa. :</subfield><subfield code="b">Plain Dealer Pub. Co.,</subfield><subfield code="c">-1936.</subfield></datafield><datafield ind1=" " ind2=" " tag="300"><subfield code="a">v. :</subfield><subfield code="b">ill. ;</subfield><subfield code="c">57 cm.</subfield></datafield><datafield ind1=" " ind2=" " tag="310"><subfield code="a">Daily (except Sun.)</subfield></datafield><datafield ind1="1" ind2=" " tag="362"><subfield code="a">Began in 1933?</subfield></datafield><datafield ind1="0" ind2=" " tag="362"><subfield code="a">-v. 4, no. 29 (Oct. 12, 1936).</subfield></datafield><datafield ind1=" " ind2=" " tag="500"><subfield code="a">Editor: A.S. Blatt.</subfield></datafield><datafield ind1=" " ind2=" " tag="588"><subfield code="a">Description based on: Vol. 4, no. 27 (Oct. 9, 1936).</subfield></datafield><datafield ind1=" " ind2=" " tag="752"><subfield code="a">United States</subfield><subfield code="b">Pennsylvania</subfield><subfield code="c">Northampton</subfield><subfield code="d">Easton.</subfield></datafield><datafield ind1="0" ind2="0" tag="785"><subfield code="t">Easton plain dealer (Easton, Pa. : 1936)</subfield><subfield code="w">(DLC)sn 83032037</subfield></datafield></record>